% book
% Required fields: author or editor, title, publisher, year. 
% Optional fields: volume or number, series, address, edition, month, note.
@book{Book1,
  author    = {Kocay, William.; Kreher, Donald L},
  title     = {Graphs, Algorithms, and Optimization Discrete Mathematics
               and Its Applications},
  publisher = {CRC Press},
  year      = {2004},
  edition   = {first edition}
}

% article
% Required fields: author, title, journal, year. 
% Optional fields: volume, number, pages, month, note.

@article{main_article,
  author  = {John M. Boyer},
  title   = {Simplified O(n) Planarity by Edge Addition},
  journal = {Journal of Graph Algorithms and Applications},
  volume  = {8},
  number  = {3},
  pages   = {241-273},
  year    = {2004}
}

@article{ponti,
  author  = {Leonhard Euler},
  title   = {Solutio problematis ad geometriam situs pertinentis},
  journal = {Commentarii academiae scientiarum Petropolitanae},
  volume  = {8},
  pages   = {128-140},
  year    = {1735}
}

@article{Hopcroft,
  author  = {John Hopcroft And Robert Tar Jan},
  title   = {Efficient Planarity Testing},
  journal = {Journal of the ACM},
  volume  = {21},
  pages   = {549â€“568},
  year    = {1974}
}
% conference
% same as inproceedings
% Required fields: author, title, booktitle, year. 
% Optional fields: editor, volume or number, series, pages, address, month, organization, publisher, note




